<?xml version="1.0" encoding="UTF-8"?><collection xmlns="http://www.loc.gov/MARC21/slim"><record><leader>00387nam--2200145-i-4500</leader><controlfield tag="001">000044872</controlfield><controlfield tag="002">20161230</controlfield><controlfield tag="005">20161230201044</controlfield><controlfield tag="008">060222s1000------------r-----000-0-eng-d</controlfield><datafield ind1=" " ind2=" " tag="080"><subfield code="a">902.65</subfield></datafield><datafield ind1=" " ind2=" " tag="100"><subfield code="a">Tite, M.S</subfield></datafield><datafield ind1=" " ind2=" " tag="245"><subfield code="a">Methods of physical examination in archaeology</subfield></datafield><datafield ind1=" " ind2=" " tag="260"><subfield code="a">London, Seminar Press, 1972, Xxx+389p</subfield></datafield><datafield ind1=" " ind2=" " tag="490"><subfield code="a">Studies In Archaeological Science</subfield></datafield><datafield ind1=" " ind2=" " tag="852"><subfield code="a">47881</subfield></datafield></record></collection>